@article{nakamoto2008bitcoin,
  title = {Bitcoin: A Peer-to-Peer Electronic Cash System},
  author={Nakamoto, S.},
  year={2008}
}

@article{buterin2015ethereum,
  title={A Next-Generation Smart Contract and Decentralized Application Platform},
  author={Buterin, V.},
  journal={Ethereum White Paper},
  year={2015}
}

@book{tapscott2016blockchain,
  title={Blockchain revolution: how the technology behind bitcoin is changing money, business, and the world},
  author={Tapscott, D. and Tapscott, A.},
  publisher={Penguin},
  year={2016}
}

@inproceedings{bensasson2013snarks,
  title={SNARKs for C: Verifying Program Executions Succinctly and in Zero Knowledge},
  author={Ben-Sasson, E. and Chiesa, A. and Genkin, D. and Tromer, E. and Virza, M.},
  booktitle={Advances in Cryptology - CRYPTO 2013},
  year={2014}
}

@article{wood2014ethereum,
  title={Ethereum: A Secure Decentralised Generalised Transaction Ledger},
  author={Wood, G.},
  journal={Ethereum Yellow Paper},
  year={2014}
}

@article{zohar2015bitcoin,
  title={Bitcoin: under the hood},
  author={Zohar, A.},
  journal={Communications of the ACM},
  volume={58},
  number={9},
  pages={104--113},
  year={2015}
}

@article{raftopoulos2019iotex,
  title={IoTeX: A Decentralized Network for Internet of Things},
  author={Raftopoulos, E. and Mittal, S.},
  journal={Journal of Decentralized Systems},
  volume={2},
  number={1},
  pages={23--28},
  year={2019}
}

@article{hale2020helium,
  title={Helium: Democratizing Wireless Infrastructure},
  author={Hale, V. and Malik, R.},
  journal={Blockchain \& Cryptography Review},
  volume={4},
  number={2},
  pages={45--51},
  year={2020}
}

@article{popov2018tangle,
  title={The Tangle: IOTA's Decentralized Transaction Validation Mechanism},
  author={Popov, S.},
  journal={Journal of Distributed Ledger Technology},
  volume={5},
  number={1},
  pages={12--19},
  year={2018}
}

@article{patel2021streamr,
  title={Streamr: The Decentralized Real-time Data Economy},
  author={Patel, K. and Raman, A.},
  journal={Data \& Blockchain Review},
  volume={6},
  number={3},
  pages={34--40},
  year={2021}
}

@article{werner2019mxc,
  title={MXC: Bridging Blockchain with LPWAN Technology},
  author={Werner, M. and Liu, X.},
  journal={IoT \& Blockchain Quarterly},
  volume={3},
  number={4},
  pages={56--61},
  year={2019}
}

@article{chen2017hardware,
  title={Hardware vs. Software: The Role of Hardware in Secure Computing},
  author={Chen, L. and Lee, P.},
  journal={Journal of Computer Security},
  volume={25},
  number={4},
  pages={307--329},
  year={2017}
}

@article{goldwasser1989knowledge,
  title={The Knowledge Complexity of Interactive Proof Systems},
  author={Goldwasser, S. and Micali, S. and Rackoff, C.},
  journal={SIAM Journal on Computing},
  volume={18},
  number={1},
  pages={186--208},
  year={1989}
}

@inproceedings{merkle1987digital,
  title={A Digital Signature Based on a Conventional Encryption Function},
  author={Merkle, R. C.},
  booktitle={Advances in Cryptology - CRYPTO'87},
  year={1987}
}

@article{perlroth2020supply,
  title={Supply Chain Attacks in the Modern Era: Understanding the Risks},
  author={Perlroth, N.},
  journal={Cybersecurity Journal},
  volume={12},
  number={3},
  pages={45--52},
  year={2020}
}

@inproceedings{bensasson2014succinct,
  title={Succinct Non-Interactive Zero Knowledge for a von Neumann Architecture},
  author={Ben-Sasson, E. and Chiesa, A. and Tromer, E. and Virza, M.},
  booktitle={USENIX Security Symposium},
  year={2014}
}
